@book{grippo2011metodi,
  title={Metodi di ottimizzazione non vincolata},
  author={Grippo, Luigi and Sciandrone, Marco},
  year={2011},
  publisher={Springer Science \& Business Media}
}

@book{ortega1970iterative,
  title={Iterative solution of nonlinear equations in several variables},
  author={Ortega, James M and Rheinboldt, Werner C},
  volume={30},
  year={1970},
  publisher={Siam}
}

@book{bertsekas1999nonlinear,
  title={Nonlinear programming},
  author={Bertsekas, Dimitri P},
  year={1999},
  publisher={Athena scientific Belmont}
}

@article{goldstein1962cauchy,
  title={Cauchy's method of minimization},
  author={Goldstein, AA},
  journal={Numerische Mathematik},
  volume={4},
  number={1},
  pages={146--150},
  year={1962},
  publisher={Springer}
}

@article{armijo1966minimization,
  title={Minimization of functions having Lipschitz continuous first partial derivatives},
  author={Armijo, Larry},
  journal={Pacific Journal of mathematics},
  volume={16},
  number={1},
  pages={1--3},
  year={1966},
  publisher={Mathematical Sciences Publishers}
}

@article{grippo1986nonmonotone,
  title={A nonmonotone line search technique for Newton's method},
  author={Grippo, Luigi and Lampariello, Francesco and Lucidi, Stephano},
  journal={SIAM Journal on Numerical Analysis},
  volume={23},
  number={4},
  pages={707--716},
  year={1986},
  publisher={SIAM}
}

@book{poljak1987introduction,
  title={Introduction to optimization},
  author={Poljak, Boris T},
  year={1987},
  publisher={Optimization Software}
}

@article{rosenblatt1958perceptron,
  title={The perceptron: a probabilistic model for information storage and organization in the brain.},
  author={Rosenblatt, Frank},
  journal={Psychological review},
  volume={65},
  number={6},
  pages={386},
  year={1958},
  publisher={American Psychological Association}
}

@article{mcculloch1943logical,
  title={A logical calculus of the ideas immanent in nervous activity},
  author={McCulloch, Warren S and Pitts, Walter},
  journal={The bulletin of mathematical biophysics},
  volume={5},
  number={4},
  pages={115--133},
  year={1943},
  publisher={Springer}
}

@article{minsky1969perceptrons,
  title={Perceptrons.},
  author={Minsky, Marvin and Papert, Seymour},
  year={1969},
  publisher={MIT press}
}

@article{rumelhart1988learning,
  title={Learning representations by back-propagating errors},
  author={Rumelhart, David E and Hinton, Geoffrey E and Williams, Ronald J},
  journal={Cognitive modeling},
  volume={5},
  number={3},
  pages={1},
  year={1988}
}
