@book{harchol2013performance,
	title={Performance Modeling and Design of Computer Systems: Queueing Theory in Action},
	author={Harchol-Balter, Mor},
	year={2013},
	publisher={Cambridge University Press}
}

@book{leemis2006discrete,
	title={Discrete-event simulation: A first course},
	author={Leemis, Lawrence M and Park, Stephen Keith},
	year={2006},
	publisher={Pearson Prentice Hall Upper Saddle River}
}

@book{reitz2016,
	Author = {Kenneth Reitz and Tanya Schlusser},
	Title = {The Hitchhiker's Guide to Python: Best Practices for Development},
	Publisher = {O'Reilly Media},
	Year = {2016},
	ISBN = {1491933178},
	URL = {http://amzn.to/2bYCvBD}
}

@online{GooglePythonStyleguide,
	author = {Google},
	title = {The Google's Python Styleguide},
	month = {sep},
	year = {2016},
	url = {http://bit.ly/2d4M9UN}
}

@online{gmarciani-pydes,
	author = {Giacomo Marciani},
	title = {pyDES},
	month = {jan},
	year = {2018},
	url = {http://bit.ly/2BFhqwi}
}

@article{l1994uniform,
	title={Uniform random number generation},
	author={L'Ecuyer, Pierre},
	journal={Annals of Operations Research},
	volume={53},
	number={1},
	pages={77--120},
	year={1994},
	publisher={Springer}
}

@book{knuth1981art,
	title={The Art of Computer Programming; Volume 2: Seminumeral Algorithms},
	author={Knuth, Donald E},
	year={1981}
}