@preamble{ "\newcommand{\noopsort}[1]{} "
	# "\newcommand{\printfirst}[2]{#1} "
	# "\newcommand{\singleletter}[1]{#1} "
	# "\newcommand{\switchargs}[2]{#2#1} " }

@article{lorido2014review,
  title={A review of auto-scaling techniques for elastic applications in cloud environments},
  author={Lorido-Botran, Tania and Miguel-Alonso, Jose and Lozano, Jose A},
  journal={Journal of Grid Computing},
  volume={12},
  number={4},
  pages={559--592},
  year={2014},
  publisher={Springer}
}

@book{sutton1998reinforcement,
  title={Reinforcement learning: An introduction},
  author={Sutton, Richard S and Barto, Andrew G},
  volume={1},
  number={1},
  year={1998},
  publisher={MIT press Cambridge}
}

@article{burns2016borg,
	title={Borg, omega, and kubernetes},
	author={Burns, Brendan and Grant, Brian and Oppenheimer, David and Brewer, Eric and Wilkes, John},
	journal={Communications of the ACM},
	volume={59},
	number={5},
	pages={50--57},
	year={2016},
	publisher={ACM}
}

@article{burns2016borg,
	title={Borg, omega, and kubernetes},
	author={Burns, Brendan and Grant, Brian and Oppenheimer, David and Brewer, Eric and Wilkes, John},
	journal={Communications of the ACM},
	volume={59},
	number={5},
	pages={50--57},
	year={2016},
	publisher={ACM}
}