@book{anderson2008security,
  title={Security engineering},
  author={Anderson, Ross},
  year={2008},
  publisher={John Wiley \& Sons}
}

@book{menezes1996handbook,
  title={Handbook of applied cryptography},
  author={Menezes, Alfred J and Van Oorschot, Paul C and Vanstone, Scott A},
  year={1996},
  publisher={CRC press}
}

@misc{jdk,
  title = {Java Development Kit},
  author = {{Oracle Corporation}},
  year = {2016},
  howpublished = {\url{http://bit.ly/2j4EUywl}},
  note = {Accessed: 2016-12-01}
}

@misc{maven,
  title = {Maven},
  author = {{Apache Software Foundation}},
  year = {2016},
  howpublished = {\url{http://bit.ly/2j4JmgH}},
  note = {Accessed: 2016-12-01}
}

@misc{proguard,
  title = {Proguard},
  author = {{GuardSquare}},
  year = {2016},
  howpublished = {\url{http://bit.ly/2iAFgjs}},
  note = {Accessed: 2016-12-01}
}

@misc{cron-expression,
  title = {CRON Expression},
  author = {{Oracle Corporation}},
  year = {2016},
  howpublished = {\url{http://bit.ly/2iES3z8}},
  note = {Accessed: 2016-12-01}
}

@misc{project-repo,
  title = {Botnet},
  author = {{Gitlab Repo}},
  year = {2016},
  howpublished = {\url{http://bit.ly/2j8DqDn}},
  note = {Accessed: 2016-12-01}
}
