@inproceedings{GrandChallenge:2016,
	author = {Gulisano, Vincenzo and Jerzak, Zbigniew and Voulgaris, Spyros and Ziekow, Holger},
	title = "{The DEBS 2016 Grand Challenge}",
	booktitle = {Proc. of ACM DEBS '16},
	year = {2016},
	publisher = {ACM}	
} 
location = {Irvine, California, USA},
booktitle = {Proceedings of the 10th ACM International Conference on Distributed Event-Based Systems},
series = {DEBS '16}

@article{BronKerbosch1973,
	abstract = {A maximal complete subgraph (clique) is a complete subgraph that is not contained in any other complete subgraph.},
	archivePrefix = {arXiv},
	arxivId = {dl.acm.org/citation.cfm?doid=362342.362367},
	author = {Bron, Coen and Kerbosch, Joep},
	doi = {10.1145/362342.362367},
	eprint = {citation.cfm?doid=362342.362367},
	file = {:home/gmarciani/Documents/library/mendeley-library/Algorithm 457 Finding All Cliques of an Undirected Graph - Bron, Kerbosch - 1973.pdf:pdf},
	isbn = {0001-0782},
	issn = {0001-0782},
	journal = {Commun. ACM},
	keywords = {and phrases,backtracking algorithm,branch and bound technique,cliques,clusters,maximal complete subgraphs,recursion},
	number = {9},
	pages = {575--577},
	primaryClass = {dl.acm.org},
	title = {{Algorithm 457: Finding All Cliques of an Undirected Graph}},
	url = {http://doi.acm.org/10.1145/362342.362367},
	volume = {16},
	year = {1973}
}

@article{ZhangTudorChenOoi2014,
	author = {Zhang, Hao and Tudor, Bogdan Marius and Chen, Gang and Ooi, Beng Chin},
	doi = {10.14778/2732951.2732956},
	file = {:home/gmarciani/Documents/library/mendeley-library/Efficient In-memory Data Management An Analysis - Zhang et al. - 2014.pdf:pdf},
	issn = {2150-8097},
	journal = {Proc. VLDB Endow.},
	month = {jun},
	number = {10},
	pages = {833--836},
	publisher = {VLDB Endowment},
	title = {{Efficient In-memory Data Management: An Analysis}},
	url = {http://dx.doi.org/10.14778/2732951.2732956},
	volume = {7},
	year = {2014}
}

@misc{Flink,
	key = {Flink}, 
	address = {Forest Hill, MD, USA},
	institution = {Apache Software Foundation},
	title = {{Apache Flink}},
	url = {https://flink.apache.org},
	howpublished = {\url{flink.apache.org}},
	year = {2016}
}
	author = {{Apache Software Foundation}},

@misc{Redis,
	address = {Mountain View, CA, USA},
	key = {Redis}, 
	institution = {Redis Labs, Inc.},
	title = {{Redis}},
	url = {http://redis.io},
	howpublished = {\url{redis.io}},
	year = {2016}
}
	author = {{Redis Labs}},

@misc{AWSEC2InstanceTypes,
	author = {Amazon},
	institution = {Amazon},
	title = {{EC2 Instance Types}},
	url = {https://aws.amazon.com/ec2},
	howpublished = {\url{aws.amazon.com/ec2}},
	urldate = {2016-05-01}
}
	url = {https://aws.amazon.com/ec2/instance-types},
	howpublished = {\url{aws.amazon.com/ec2/instance-types}},
